@Article{EvenS1981,
  author = 	 {S. Even and Y. Shiloach},
  title = 	 {An On-Line Edge-Deletion Problem},
  journal = 	 {Journal of the ACM},
  year = 	 1981,
  volume = 	 28,
  number = 	 1,
  pages = 	 {1-4}}

@InBook{DemetrescuFI2004,
  author = 	 {C. Demetrescu and I. Finocchi and G. F. Italiano},
  title = 	 {Handbook of Data Structures and Applications},
  chapter = 	 {Dynamic Graphs},
  publisher = 	 {Chapman and Hall/CRC},
  year = 	 2004}

@Misc{DemaineL2007,
  author = 	 {E. Demaine and K. Lai (scriber)},
  title = 	 {Dynamic Graph Problems},
  howpublished = {Lecture Notes in Advanced Data Structures},
  year = 	 2007}

@InProceedings{SleatorT1983,
  author = 	 {Sleator, D. D. and Tarjan, R. E.},
  title = 	 {A Data Structure for Dynamic Trees},
  booktitle = {Proceedings of the Thirteenth Annual ACM Symposium on Theory of Computing (STOC)},
  year = 	 1983,
  pages = 	 114}

@InProceedings{HenzingerK1995,
  author = 	 {Henzinger, M. R. and King, V.},
  title = 	 {Randomized dynamic graph algorithms with polylogarithmic time per operation},
  booktitle = {Proceedings of the Twenty-Seventh Annual ACM Symposium on Theory of Computing (STOC)},
  year = 	 1995,
  pages = 	 519}

@Article{SleatorT1985,
  author = 	 {D. D. Sleator and R. E. Tarjan},
  title = 	 {Self-Adjusting Binary Search Trees},
  journal = 	 {Journal of the ACM},
  year = 	 1985,
  volume = 	 32,
  number = 	 3,
  pages = 	 {652--686}}

@Book{SedgewickW2011,
  author = 	 {R. Sedgewick and K. Wayne},
  title = 	 {Algorithms},
  publisher = 	 {Addison-Wesley},
  year = 	 2011,
  edition = 	 4}

@Article{Tarjan1975,
  author = 	 {Tarjan, R. E.},
  title = 	 {Efficiency of a Good But Not Linear Set Union Algorithm},
  journal = 	 {Journal of the ACM},
  year = 	 1975,
  volume = 	 22,
  number = 	 2,
  pages = 	 {215--225}}

@Misc{DemaineHJSI2012,
  author = 	 {E. Demaine and J. Holmgren (scriber) and J. Jian (scriber) and M. Stepanenko (scriber) and M. Ishaque (scriber)},
  title = 	 {Link-Cut Trees Problems},
  howpublished = {Lecture Notes in Advanced Data Structures},
  year = 	 2012}

@Misc{WikipediaLCT,
  author = 	 {Wikipedia},
  title = 	 {Link-Cut Tree},
  url = {https://en.wikipedia.org/wiki/Link/cut_tree},
  year = 	 2022}
